<?xml version="1.0" encoding="UTF-8"?><collection xmlns="http://www.loc.gov/MARC21/slim"><record><leader>00317nam--2200121-i-4500</leader><controlfield tag="001">000031347</controlfield><controlfield tag="002">20161230</controlfield><controlfield tag="005">20161230201038</controlfield><controlfield tag="008">060222s1000------------r-----000-0-eng-d</controlfield><datafield ind1=" " ind2=" " tag="080"><subfield code="a">54-13(083)</subfield></datafield><datafield ind1=" " ind2=" " tag="245"><subfield code="a">Matheson gas data book. fourth edition</subfield></datafield><datafield ind1=" " ind2=" " tag="260"><subfield code="a">New York, The Matheson Co.Inc., 1966, Xx + 500p</subfield></datafield><datafield ind1=" " ind2=" " tag="852"><subfield code="a">31257</subfield></datafield></record></collection>